@inproceedings{aop,
    author         = {Gregor Kiczales and John Lamping and Anurag Mendhekar and Chris Maeda and Cristina Lopes and Jean-Marc Loingtier and John Irwin},
    title          = {Aspect-Oriented Programming},
    booktitle      = {11th European Conference on Object-Oriented Programming (ECOOP)},
    year           = 1997,    
    volume         = 1241,
    series         = {LNCS},
    pages          = {220-242},
    publisher      = {Springer Verlag},
}

@inproceedings{colyer04,
 author 				= {Adrian Colyer and Andrew Clement},
 title 					= "Large-scale {AOSD} for Middleware",
 booktitle 			= {3rd International Conference on Aspect-Oriented Software Development},
 year 					= {2004},
 pages 					= {56--65}, 
}

@book{aspectj-laddad,
 author 		= {Ramnivas Laddad},
 title 			= {AspectJ in Action Practical Aspect-Oriented Programming},
 year 		= {2003},
 publisher 	= {Manning},
 }

@inproceedings{aspectj,
  author 	= "Gregor Kiczales and Erik Hilsdale and Jim Hugunin and Mik Kersten and Jeffrey Palm and William G. Griswold",
  title 	= "An Overview of {AspectJ}",
  booktitle 	= "15th European Conference on Object-Oriented Programming (ECOOP)",
  volume 	= "2072",
  pages 	= "327--355",
  series        = "LNCS",
  year 		= "2001",
  publisher      = {Springer Verlag},
}

@inproceedings{open-modules,
  author    	= {Jonathan Aldrich},
  title     		= {Open modules: modular reasoning about advice},
  booktitle 	= {19th European Conference on Object-Oriented Programming (ECOOP)}, 
  publisher 	= {Springer-Verlag},
  series    		= {Lecture Notes in Computer Science},
  volume    	= {3586},
  year      		= {2005},
  pages     	= {144-168},
}

@inproceedings{kiczales-aai,
  author    	= {Gregor Kiczales and Mira Mezini},
  title     		= {Aspect-oriented programming and modular reasoning},
  booktitle 	= {27th International Conference on Software Engineering (ICSE)},
  year      		= {2005},
  pages     	= {49-58},
}

@inproceedings{harmless-advice,
  author    	= {Daniel S. Dantas and David Walker},
  title     		= {Harmless advice},
  booktitle 	= {33rd Symposium on Principles of Programming Languages (POPL)},
  year      		= {2006},
  pages     	= {383-396},
}

@article{xpis,
  author    	= {William G. Griswold and Kevin J. Sullivan and Yuanyuan Song and Macneil Shonle and Nishit Tewari and Yuanfang Cai and Hridesh Rajan},
  title     		= {Modular software design with crosscutting interfaces},
  journal  		= {IEEE Software},
  volume    	= {23},
  number    	= {1},
  year      		= {2006},
  pages     	= {51-60},
}

@inproceedings{xpi-fse,
  author    	= {Kevin J. Sullivan and William G. Griswold and Yuanyuan Song and Yuanfang Cai and Macneil Shonle and Nishit Tewari and Hridesh Rajan},
  title     		= {Information hiding interfaces for aspect-oriented design},
  booktitle 	= {13th International Symposium on Foundations of Software Engineering (FSE)},
  year      		= {2005},
  pages     	= {166-175},
}

@inproceedings{aop-paradoxical,
  author    	= {Friedrich Steimann},
  title     		= {The paradoxical success of aspect-oriented programming},
  booktitle 	= {21st Conference on Object-Oriented Programming Systems, Languages, and Applications (OOPSLA)},
  year      		= {2006},
  pages    	 	= {481--497},
}

@book{aosdbook,
  publisher 	= {Addison-Wesley},
  title     		= {Aspect-Oriented Software Development},
  editor    		= {Robert E. Filman and Tzilla Elrad and Siobh\'an Clarke and Mehmet {Ak{\c s}it}},
  year      		= 2005,
}

@inproceedings{filman00,
    author          = {Robert E. Filman and Daniel P. Friedman},
    title           	= {Aspect-Oriented Programming is Quantification and Obliviousness},
    booktitle       = {OOSPLA Workshop on Advanced Separation of Concerns},
    month    	= oct,
    year        	= 2000,
}

@inproceedings{pcdiff,
    title           	= {{PCDiff}: {A}ttacking the Fragile Pointcut Problem},
    author 		= {Christian Koppen and Maximilian St\"orzer},
    booktitle     	= {European Interactive Workshop on Aspects in Software (EIWAS)},
    month           = sep,
    year          	= 2004,
}

@inproceedings{pcdiff05,
  author    	= {Maximilian St{\"o}rzer and  J{\"u}rgen Graf},
  title     		= {Using Pointcut Delta Analysis to Support Evolution of Aspect-Oriented  Software},
  booktitle 	= {21st IEEE International Conference on Software Maintenance (ICSM)},
  year      		= {2005},
  pages     	= {653-656},
}


@inproceedings{kellens06,
  author    	= {Andy Kellens and Kim Mens and Johan Brichau and Kris Gybels},
  title     		= {Managing the Evolution of Aspect-Oriented Software with Model-Based Pointcuts.},
  booktitle 	= {20th European Conference on Object-Oriented Programming (ECOOP)}, 
  publisher 	= {Springer Verlag},
  series    		= {Lecture Notes in Computer Science},
   volume    = {4067},
  year      = {2006},
  pages     = {501-525},
  
}

@inproceedings{murphy01,
    author 		= {Gail C. Murphy and Albert Lai and Robert J. Walker and Martin P. Robillard},
    title 		= {Separating features in source code: an exploratory study},
    booktitle 	= {23rd International Conference on Software Engineering (ICSE)},
    year 		= {2001},
    pages 		= {275--284},
 }
 
 @inproceedings{batory-for,
  author 	= {Jia Liu and Don Batory and Christian Lengauer},
  title 	= {Feature oriented refactoring of legacy applications},
  booktitle 	= {28th International Conference on Software Engineering (ICSE)},
  year 		= {2006},
  pages 	= {112--121},
}

@inproceedings{binkley05,
  author    	= {David Binkley and Mariano Ceccato and Mark Harman and Filippo Ricca and Paolo Tonella},
  title     		= {Automated Refactoring of Object Oriented Code into Aspects.},
  booktitle 	= {21st IEEE International Conference on Software Maintenance (ICSM)},
  pages     	= {27-36},
  year      		= {2005},
}

@article{binkley06,
  author 	   	= {David Binkley and Mariano Ceccato and Mark Harman and Filippo Ricca and Paolo Tonella},
  title     		= {Tool-Supported Refactoring of Existing Object-Oriented Code into Aspects.},
  journal   		= {IEEE Transactions Software Engineering},
  volume    	= {32},
  number    	= {9},
  year      		= {2006},
  pages     	= {698-717},
}

@inproceedings{monteiro03,
  author    	= {Miguel P. Monteiro and Jo{\~a}o M. Fernandes},
  title     		= {Some Thoughts On Refactoring Objects to Aspects},
  booktitle 	= {VIII Jornadas de Ingeniería de Software y Bases de Datos (JISBD)},
  year      		= {2003},
}

@article{monteiro06,
  author    	= {Miguel P. Monteiro and Jo{\~a}o M. Fernandes},
  title     		= {Towards a Catalogue of Refactorings and Code Smells for {AspectJ}.},
  journal		 = {Transactions on Aspect-Oriented Software Development},
  year      		= {2006},
  pages     	= {214-258},
  publisher 	= {Springer},
  series    		= {Lecture Notes in Computer Science},
  volume    	= {3880},
}

@inproceedings{monteiro05,
  author    	= {Miguel P. Monteiro and Jo{\~a}o M. Fernandes},
  title     		= {Towards a catalog of aspect-oriented refactorings.},
  booktitle 	= {4th International Conference on Aspect-Oriented Software Development (AOSD)},
  year      		= {2005},
  pages     	= {111-122},
}

@inproceedings{borba05,
  author    	= {Leonardo Cole and Paulo Borba},
  title     		= {Deriving refactorings for {AspectJ}.},
  booktitle 	= {4th International Conference on Aspect-Oriented Software Development (AOSD)},
  year      		= {2005},
  pages     	= {123-134},
}

@inproceedings{hannemann05,
  author    	= {Jan Hannemann and Gail C. Murphy and Gregor Kiczales},
  title     		= {Role-based refactoring of crosscutting concerns.},
  booktitle 	= {4th International Conference on Aspect-Oriented Software Development (AOSD)},
  year      		= {2005},
  pages     	= {135-146},
}

@inproceedings{ceccato05,
  author    	= {Mariano Ceccato and Marius Marin and Kim Mens and Leon Moonen and Paolo Tonella and Tom Tourw{\'e}},
  title     		= {A Qualitative Comparison of Three Aspect Mining Techniques.},
  booktitle 	= {13th International Workshop on Program Comprehension (IWPC)},
  year      		= {2005},
  pages     	= {13-22},
}

@article{kellens07,
  author    	= {Andy Kellens and Kim Mens and Paolo Tonella},
  title     		= {A survey of automated code-level aspect mining techniques.},
  journal 		= {Transactions on Aspect-Oriented Software Development},
  pages             = {145-164},
  volume           = {4},
  year      		= {2007},
  publisher      = {Springer Verlag},
}
   
@misc{laddad03,
 title 			= {Aspect-Oriented Refactoring},
 author 		= {Ramnivas Laddad},
 note 		= {TheServerSide.com, 2003}, 
}

@book{fowler99,
 author 		= {Martin Fowler and Kent Beck and John Brant and William Opdyke and Don Roberts},
 title 			= {Refactoring: Improving the Design of Existing Code},
 year 		= {1999},
 publisher 	= {Addison-Wesley},
}

@book{joshua04,
 author 		= {Joshua Kerievsky},
 title 			= {Refactoring to Patterns},
 year 			= {2004},
 publisher  = {Pearson},
}

@inproceedings{schaefer10,
 author 		= {Max Schaefer and Oege de Moor},
 title 			= {Specifying and implementing refactorings},
 booktitle 	= {25th Conference on Object-Oriented Programming, Systems, Languages, and Applications (OOPSLA)},
 year 			= {2010},
 pages 			= {286--301},
}

@article{parnas72,
  author    	= {David Lorge Parnas},
  title     		= {On the Criteria To Be Used in Decomposing Systems into Modules.},
  journal   		= {Communications of the ACM},
  volume    	= {15},
  number    	= {12},
  year      		= {1972},
  pages     	= {1053-1058},  
}

@inproceedings{ostermann05,
  author    	= {Klaus Ostermann and Mira Mezini and Christoph Bockisch},
  title     		= {Expressive Pointcuts for Increased Modularity.},
  booktitle 	= {19th European Conference on Object-Oriented Programming (ECOOP)},
  year      		= {2005},
  pages     	= {214-240},
  publisher 	= {Springer-Verlag},
  series    		= {Lecture Notes in Computer Science},
  volume    	= {3586},  
}
@inproceedings{gybels03,
 author 		= {Kris Gybels and Johan Brichau},
 title 			= {Arranging language features for more robust pattern-based crosscuts},
 booktitle 		= {2nd International Conference on Aspect-Oriented Software Development (AOSD)},
 year 		= {2003},
 pages = {60--69},
 }

@inproceedings{prevayler-aop,
  author    	= {Irum Godil and Hans-Arno Jacobsen},
  title     		= {Horizontal decomposition of {Prevayler}},
  booktitle 	= {15th Conference of the Centre for Advanced Studies on Collaborative Research (CASCON)},
  year      		= {2005},  
  pages     	= {83-100},  
}

@inproceedings{castor06,
 author 		= {Fernando Castor Filho and Nelio Cacho and Eduardo Figueiredo and Raquel Maranhao and Alessandro Garcia and Cecilia Rubira},
 title 			= {Exceptions and aspects: the devil is in the details},
 booktitle 		= { 14th International Symposium on Foundations of Software Engineering (FSE)},
 year 		= {2006},
 pages 		= {152--162},
 }
 
 @inproceedings{bruntink07,
  author 		= {Magiel Bruntink and Arie van Deursen and Maja D'Hondt and Tom Tourwe},
  title 		= {Simple crosscutting concerns are not so simple},
  booktitle 	= {6th International Conference on Aspect-oriented Software Development (AOSD)},
  year 		= {2007},
  pages 		= {199--211},  
 }
 
 @inproceedings{piveta05,
   author   	= {Eduardo Piveta and Marcelo Hecht  and Marcelo Pimenta and Roberto Tom Price},
   title    		= {Bad Smells em Sistemas Orientados a Aspectos},
   booktitle	= {18th Brazilian Symposium on Software Engineering (SBES)},
   year     		= {2005}
}

@inproceedings{pdl,
 author 		= {Clint Morgan and Kris De Volder and Eric Wohlstadter},
 title 			= {A static aspect language for checking design rules},
 booktitle 		= {6th International Conference on Aspect-oriented Software Development (AOSD)},
 year 		= {2007},
 pages = {63--72},
}

@inproceedings{yuen07,
 author 		= {Isaac Yuen and Martin P. Robillard},
 title 			= {Bridging the Gap between Aspect Mining and Refactoring},
 booktitle 		= {AOSD Workshop on Linking Aspect Technology and Evolution},
 year 		= {2007}, 
}

@inproceedings{xie07,
  author 		= {Prasanth Anbalagan and Tao Xie},
  title 		= {Automated Inference of Pointcuts in Aspect-Oriented Refactoring},
  booktitle 	= {29th International Conference on Software Engineering (ICSE)},
  month 		= {May},
  year 		= {2007},  
}

@inproceedings{cazzola06,
  author    	= {Walter Cazzola and Sonia Pini and Massimo Ancona},
  title     		= {Design-Based Pointcuts Robustness Against Software Evolution.},
  booktitle 	= {ECOOP Workshop on Reflection, AOP, and Meta-Data for Software Evolution},
  year      		= {2006},
  pages     	= {35-45},
}

@inproceedings{kellens06b,
  author    	= {Andy Kellens and Kim Mens and Johan Brichau and Kris Gybels},
  title     		= {A Model-Driven Pointcut Language for More Robust Pointcuts.},
  booktitle 	= {AOSD Workshop on Software Engineering Properties of Languages for Aspect Technology},
  year      		= {2006},
}

@inproceedings{hilsdale04,
  author    	= {Erik Hilsdale and Jim Hugunin},
  title     		= {Advice weaving in {AspectJ}},
  booktitle 	= {3rd International Conference on Aspect-Oriented Software Development (AOSD)},
  year      		= {2004},
  pages     	= {26-35},  
}

@misc{hilsdale01,
author	= {Erik Hilsdale and Mik Kersten},
title		= {Aspect-Oriented Programming with {AspectJ}},
note  	= {Tutorial  at OOPSLA 2001},
}

@inproceedings{herrejon07,
  author    	= {Roberto Lopez-Herrejon and Sven Apel},
  title     	= {Measuring and Characterizing Crosscutting in Aspect-Based Programs: Basic Metrics and Case Studies},
  booktitle 	= {10th International Conference on Fundamental Approaches to Software Engineering (FASE)}, 
  month 	= {March},
  year      	= {2007}
}

@inproceedings{kastner07,
  author    	= {Christian K\"astner and Sven Apel and Don Batory},
  title     	= {A Case Study Implementing Features using {AspectJ}},
  booktitle 	= {11th International Software Product Line Conference (SPLC)}, 
  pages = {223--232},
  year      	= {2007}
}  

@inproceedings{kaveri,
  author    	= {Ganeshan Jayaraman and Venkatesh Prasad Ranganath and John Hatcliff},
  title     		= {Kaveri: Delivering the {Indus} {Java} Program Slicer to {Eclipse}},
  booktitle 	= {Fundamental Approaches to Software Engineering (FASE)},
  series    		= {Lecture Notes in Computer Science},
  volume   	= {3442},
  year      		= {2005},
  pages     	= {269-272},
}

@inproceedings{bandera,
  author    	= {James C. Corbett and Matthew B. Dwyer and John Hatcliff and Shawn Laubach and Corina S. Pasareanu and  Robby and Hongjun Zheng},
  title     		= {Bandera: extracting finite-state models from Java source  code},
  booktitle 	= {22th International Conference on Software Engineering (ICSE)},
  year      		= {2000},
  pages     	= {439-448},    
}

@inproceedings{flanagan04,
  title     		= {An improved slicer for Java},
  author    	= {Christian Hammer and Gregor Snelting},
  booktitle     	= {Workshop on Program Analysis For Software Tools and Engineering},  
  publisher 	= {ACM},
  pages     	= {17-22},
  year      		= {2004},
}

@inproceedings{cme,
  author    	= {William Chung and William H. Harrison and Vincent J. Kruskal and Harold Ossher and Stanley M. Sutton Jr. and Peri L. Tarr and Matthew Chapman and Andrew Clement and Helen Hawkins and Sian January},
  title     		= {The concern manipulation environment.},
  booktitle 	= {27th International Conference on Software Engineering (ICSE)},
  year      		= {2005},
  pages     	= {666-667},
}  

@inproceedings{zhang07,
   author 		= {Charles Zhang and Hans-Arno Jacobsen},
   title 		= {Efficiently mining crosscutting concerns through random walks},
   booktitle 	= {6th International Conference on Aspect-oriented Software Development (AOSD)},
   year 		= {2007},
   pages 		= {226--238},
  }
  
@inproceedings{tourwe03,
    title 		= {On the Existence of the {AOSD}-Evolution Paradox},
    author 		= {Tom Tourw{\'e} and Johan Brichau and Kris Gybels},
    booktitle 	= {AOSD Workshop on Software-Engineering Properties of Languages},
    year 		= {2003},  	
}

@inproceedings{kiczales05,
  author    	= {Gregor Kiczales and Mira Mezini},
  title     		= {Separation of Concerns with Procedures, Annotations, Advice  and Pointcuts},
  booktitle 	= {19th European Conference on Object-Oriented Programming (ECOOP)},
  year      		= {2005},
  publisher 	= {Springer},
  series    		= {Lecture Notes in Computer Science},
  volume    	= {3586},  
  pages     	= {195-213}, 
}

@inproceedings{eaddy06,
  author    	= {Marc Eaddy and Alfred V. Aho},
  title     		= {Statement Annotations for Fine-Grained Advising},
  booktitle 	= {ECOOP Workshop on Reflection, AOP, and Meta-Data  for Software Evolution},
  year      		= {2006},
  pages     	= {89-99},  
}

@inproceedings{fragilebaseclass,
  author    	= {Leonid Mikhajlov and Emil Sekerinski},
  title     		= {A Study of The Fragile Base Class Problem},
  booktitle 	= {12th European Conference on Object-Oriented Programming (ECOOP)},
  pages     	= {355-382},
  publisher 	= {Springer},
  series    		= {Lecture Notes in Computer Science},
  volume    	= {1445},
  year      		= {1998},
  }

@inproceedings{motorola_weavr,
  author    	= {Thomas Cottenier and Aswin van den Berg and Tzilla Elrad},
  title     		= {Joinpoint Inference from Behavioral Specification to Implementation},
  booktitle 	= {21st European Conference on Object-Oriented Programming (ECOOP)},
  year      		= {2007},
  pages     	= {476-500},
  publisher 	= {Springer},
  series    		= {Lecture Notes in Computer Science},
  volume    	= {4609},  
}

@inproceedings{pc_interfaces,
  author    	= {S. Gudmundson and G. Kiczales},
  title     		= {Addressing practical software development issues in AspectJ with a pointcut interface},
  booktitle 	= {ECOOP Workshop on Advanced Separation of Concerns},
  year      		= {2001},  
}

@article{arie00,
 author 		= {Arie van Deursen and Paul Klint and Joost Visser},
 title 			= {Domain-specific languages: an annotated bibliography},
 journal 		= {ACM SIGPLAN Notices},
 volume 		= {35},
 number 		= {6},
 year 		= {2000},
 pages 		= {26--36}, 
 }
 
 @article{bentley86,
 author 		= {Jon Bentley},
 title 			= {Programming pearls: little languages},
 journal 		= {Communications ACM},
 volume 		= {29},
 number 		= {8},
 year 		= {1986},
 pages = {711--721},
 }
 
 @book{generative_book,
  author 		= {Krysztof Czarnecki and Ulrich Eisenecker},
  title 		= {Generative Programming: Methods, Tools, and Applications},
  year 		= {2000},
  publisher 	= {Addison-Wesley},
  }

@inproceedings{daj_sbes,
  author    	= {Cristiano Amaral Maffort and Marco Tulio de Oliveira Valente.},
  title     		= {Aspectos para Constru\c c\~ao de Aplica\c c\~oes Distribu\'idas.},
  booktitle 	= {XX Simp\'osio Brasileiro de Engenharia de Software (SBES)},
  year      		= {2006},
  pages     	= {271-286},  
}

@article{daj-jbcs,
 author         = {Cristiano Amaral Maffort and Marco Túlio Oliveira Valente},
 title          = {Modularizing Communication Middleware Concerns Using Aspects},
 journal        = {Journal of the Brazilian Computer Society},
 volume         = {13},
 number         = {4},
 year           = {2007},
 pages          = {81--95}
}

@inproceedings{nassau_wasp07,
  author    	= {Marcelo Nassau and Marco Tulio Valente},
  title     		= {Transforma\c c\~oes de C\'{o}digo para Extra\c c\~ao de Aspectos},
  booktitle 	= {I Latin American Workshop on Aspect-Oriented Software Development (LA-WASP)},
  year      		= {2007},
  pages     	= {93-104},  
}

@inproceedings{quantif07,
  author    	= {Marcelo Nassau and Tarik Melo and Leonardo Humberto Guimarães Silva and Marco Túlio de Oliveira Valente.},
  title     		= {Um Estudo sobre o Emprego de Quantificação em Sistemas Orientados por Aspectos: Resultados Preliminares.},
  booktitle 	= {I Latin American Workshop on Aspect-Oriented Software Development (LA-WASP)},
  year      		= {2007},
  pages     	= {163-168},  
}

@inproceedings{leonardo_wasp07,
  author    	= {Leonardo Humberto Guimarães Silva and Marco Tulio de Oliveira Valente},
  title     	= {Controlando a Evolução de Sistemas Orientados por Aspectos por meio de Aspect-Aware Interfaces},
  booktitle 	= {I Latin American Workshop on Aspect-Oriented Software Development (LA-WASP)},
  year      	= {2007},
  pages     	= {81-92},  
}

@article{nassau_ist09,
  author 		= {Marcelo Nassau and Marco Tulio Valente},
  title 		= {Object-Oriented Transformations for Extracting Aspects},
  journal 		= {Information and Software Technology},
  year 		= {2009},
  volume 		= {51},
  number 		= {1},
  pages 		= {138--149},  
  publisher 	= {Elsevier},  
}

@article{jbcs2010,
  author 			= {Marco Tulio Valente and Cesar Couto and  Jaqueline Faria and Sergio Soares},
  title 			= {On the Benefits of Quantification in {AspectJ} Systems},
  journal 		= {Journal of the Brazilian Computer Society},
  volume 			= {16},
  number 			= {2},
  year 				= {2010},
  pages 			= {133--146},  
}

@inproceedings{wmswm2009,
  author    	= {César Francisco de Moura Couto and Jaqueline Faria and Marco Tulio Valente},
  title     	= {Estimativa de Métricas de Separação de Interesses em Processos de Refatoração para Extração de Aspectos},
  booktitle 	= {VI Workshop de Manutenção de Software Moderna (WMSWM)},
  year      	= {2009},
  pages     	= {1--8},  
}

@article{mernik05,
  author 		= {Marjan Mernik and Jan Heering and Anthony M. Sloane},
  title 		= {When and how to develop domain-specific languages},
  journal 		= {ACM Computing Surveys},
  volume 		= {37},
  number 		= {4},
  year 		= {2005},
  pages 		= {316--344},  
}

@inproceedings{concernmapper,
  author    	= {Martin P. Robillard and Frederic Weigand-Warr},
  title     	= {{ConcernMapper}: Simple View-Based Separation of Scattered Concerns},
  booktitle 	= {OOPSLA Eclipse Technology Exchange Workshop (ETX)},
  year      	= {2005},
  pages     	= {65-69},  
}


@article{monteiro08,
  author    = {Miguel P. Monteiro and Jo{\~a}o M. Fernandes},
  title     = {An illustrative example of refactoring object-oriented source code with aspect-oriented mechanisms},
  journal   = {Software Practice and Experience},
  volume    = {38},
  number    = {4},
  year      = {2008},
  pages     = {361-396},  
}

@inproceedings{wloka08,
  author    = {Jan Wloka and Robert Hirschfeld and Joachim H{\"a}nsel},
  title     = {Tool-supported refactoring of aspect-oriented programs},
  booktitle = {7th International Conference on Aspect-Oriented Software Development (AOSD)},
  year      = {2008},
  pages     = {132-143},  
}

@article{marius07,
  author    = {Marius Marin and Arie van Deursen and Leon Moonen},
  title     = {Identifying Crosscutting Concerns Using Fan-In Analysis},
  journal   = {ACM Transactions on Software Engineering and Methodology},
  volume    = {17},
  number    = {1},
  year      = {2007}, 
}  

@inproceedings{castor07,
  author    	= {Fernando Castor Filho and Alessandro Garcia and Cecilia Mary F. Rubira},
  title     	= {Extracting Error Handling to Aspects: A Cookbook},
  booktitle 	= {23rd IEEE International Conference on Software Maintenance (ICSM)},
  year      	= {2005},
  pages     	= {134-143},
}  
  
@misc{jai-aop,
  author 	= "Fabio Tirelo and Roberto da Silva Bigonha and Mariza da Silva Bigonha and Marco Túlio de Oliveira Valente",
  title 	= "{Desenvolvimento de Software Orientado por Aspectos}",
  howpublished	= "XXIII Jornada de Atualização em Informática (JAI), XXIV Congresso da Sociedade Brasileira de Computação",
  pasges 	= "57--96",
  month		= aug,
  year          = 2004
}
  
@book{design-patterns,
  author       	=   "Erich Gamma and Richard Helm and Ralph Johnson and John Vlissides",
  title        	=   "{Design Patterns: Elements of Reusable Object-Oriented Software}",
  publisher    	=   "Addison Wesley",
  year         	=   "1994",
}
 

@inproceedings{ye08,
  author    = {Lingdong Ye and Kris De Volder},
  title     = {Tool support for understanding and diagnosing pointcut expressions},
  booktitle = {7th International Conference on Aspect-Oriented Software Development (AOSD)},
  year      = {2008},
  pages     = {144-155}, 
}

@misc{mda,
   author	 = "{OMG Model Driven Architecture}",
   howpublished	 = "http://www.omg.org/mda"
}

@misc{ajdt,
   author	 = "{AspectJ Development Tools}",
   howpublished	 = "http://www.eclipse.org/ajdt/"
}

@article{mdd,
  author         = {Douglas C. Schmidt},
  title     	 = {Model-Driven Engineering.},
  journal        = {IEEE Computer},
  volume         = {39},
  number         = {2},
  year           = {2006},
  pages          = {25-31},  
}

@inproceedings{wand03,
  author    	= {Mitchell Wand},
  title     	= {Understanding aspects: extended abstract.},
  booktitle 	= {8th International Conference on Functional Programming (ICFP)},
  month	    	= aug,
  year      	= {2003},
  pages     	= {299-300},
  publisher 	= {ACM Press},
}

@inproceedings{kiczales-oopsla2007,
   author	= {Gregor Kiczales},
   title	= {Effectiveness sans Formality},
   booktitle    = {Keynote talk at OOPSLA},
   year		= {2007},
} 

@inproceedings{garcia05,
  author    = {Alessandro F. Garcia and Cl{\'a}udio Sant'Anna and Eduardo Figueiredo and Uir{\'a} Kulesza and Carlos Jos{\'e} Pereira de Lucena and Arndt von Staa},
  title     = {Modularizing design patterns with aspects: a quantitative study},
  booktitle = {4th International Conference on Aspect-Oriented Software Development (AOSD)},
  year      = {2005},
  pages     = {3-14},  
}

@inproceedings{garcia07,
  author    = {Phil Greenwood and Thiago T. Bartolomei and Eduardo Figueiredo and Marcos D{\'o}sea and Alessandro F. Garcia 
               and N{\'e}lio Cacho and Cl{\'a}udio Sant'Anna and S{\'e}rgio Soares and Paulo Borba and Uir{\'a} Kulesza and Awais Rashid},
  title     = {On the Impact of Aspectual Decompositions on Design Stability: An Empirical Study},
  booktitle = {21st European Conference on Object-Oriented Programming (ECOOP)},
  year      = {2007},
  pages     = {176-200},  
}

@inproceedings{uira06,
  author    = {Uir{\'a} Kulesza and Cl{\'a}udio Sant'Anna and Alessandro Garcia and Roberta Coelho and Arndt von Staa and Carlos Jos{\'e} Pereira de Lucena},
  title     = {Quantifying the Effects of Aspect-Oriented Programming: A Maintenance Study},
  booktitle = {22nd IEEE International Conference on Software Maintenance},
  year      = {2006},
  pages     = {223-233},  
}

@inproceedings{eaddy06_metrics,
  author    = {Marc Eaddy and Alfred Aho and and Gail C. Murphy},
  title     = {Identifying, Assigning, and Quantifying Crosscutting Concerns},
  booktitle = {ICSE Workshop on Assessment of Contemporary Modularization Techniques (ACoM)},
  year      = {2007},  
}

@inproceedings{strongaspectj,
  author    = {Bruno De Fraine and Mario S{\"u}dholt and Viviane Jonckers},
  title     = {{StrongAspectJ}: flexible and safe pointcut/advice bindings},
  booktitle = {7th International Conference on Aspect-Oriented Software Development (AOSD)},
  year      = {2008},
  pages     = {60-71},  
}

@inproceedings{ostermann08,
  author    = {Klaus Ostermann},
  title     = {Reasoning about aspects with common sense},
  booktitle = {7th International Conference on Aspect-Oriented Software Development (AOSD)},
  year      = {2008},
  pages     = {48-59},  
}

@inproceedings{sakurai08,
  author    = {Kouhei Sakurai and Hidehiko Masuhara},
  title     = {Test-based pointcuts for robust and fine-grained join point specification},
  booktitle = {7th International Conference on Aspect-Oriented Software Development (AOSD)},
  year      = {2008},
  pages     = {96-107},  
}

@article{smartws_ieee,
 author = {José Geraldo Ribeiro Júnior and Glauber Tadeu do Carmo and Marco Túlio Valente and Nabor C. Mendonça},
 title = {Smart Proxies for Accessing Replicated Web Services},
 journal = {IEEE Distributed Systems Online},
 volume = {8},
 number = {12},
 year = {2007},
 pages = {1-10},
  }

@inproceedings{smartws_webmedia,
 author 		= "José Geraldo Ribeiro Júnior and Glauber Tadeu do Carmo and Marco Túlio de Oliveira Valente",
 title 			= {Smart Proxies para Invocação de Serviços Web Replicados.},
 booktitle 		= {XII Simpósio Brasileiro de Sistemas Multimídia e Web (WebMedia)},
 year 		= {2006},
 pages 		= {138--147},
}

@inproceedings{rda08,
 author 		= "André Luiz Camargos Tavares and Marco Túlio de Oliveira Valente",
 title 			= { A Remote Display System for Java-based Mobile Application},
 booktitle 		= {23rd Symposium on Applied Computing (SAC)},
 year 		= {2008},
 pages 		= {1918--1922},
}

@inproceedings{classboxes,
  author 	= {Alexandre Bergel and St\'{e}phane Ducasse and Oscar Nierstrasz},
  title 	= {{Classbox/J}: controlling the scope of change in Java},
  booktitle 	= {20th Conference on Object-Oriented Programming Systems, Languages, and Applications (OOPSLA)},
  pages 	= {177--189},
  year		= {2005} 
}

@book{beta,
 author 	= {Ole Lehrmann Madsen and Birger Moller-Pedersen and Kristen Nygaard},
 title 		= {Object-Oriented Programming in the BETA Programming Language},
 year 		= {1993},
 publisher 	= {Addison-Wesley},
 }

@ARTICLE{caesarj,
  AUTHOR 	= {Ivica Aracic and Vaidas Gasiunas and Mira Mezini and Klaus Ostermann},
  TITLE 	= {Overview of {CaesarJ}},
  JOURNAL 	= {Transactions on Aspect-Oriented Software Development},
  YEAR 		= {2006},
  VOLUME 	= {3880},
  PAGES 	= {135 - 173},  
}

@inproceedings{mixins,
 author 	= {Matthew Flatt and Shriram Krishnamurthi and Matthias Felleisen},
 title 		= {Classes and mixins},
 booktitle 	= {25th Symposium on Principles of Programming Languages (POPL)},
 year 		= {1998},
 pages 		= {171--183},
 }

@TECHREPORT{scala,
  AUTHOR =        {Martin Odersky},
  TITLE =         {The {Scala} Language Specification},
  NUMBER =        {MSU-CSE-99-39},
  INSTITUTION =   {Programming Methods Laboratory, EPFL},
  MONTH =         {may},
  YEAR  =         {2008},
}

@inproceedings{icsm08,
 author 	= {Leonardo Humberto Guimarães Silva and Samuel Domingues and Marco Túlio Valente},
 title 		= {Non-invasive and Non-scattered Annotations for More Robust Pointcuts.},
 booktitle 	= {24th IEEE International Conference on Software Maintenance (ICSM)},
 pages 		= {1--10},
 year 		= {2008},
 }

@book{spl,
    title 		= {Software Product Lines: Practices and Patterns},
    publisher 	= {Addison-Wesley},
    year 		= {2002},
    author 		= {Paul Clements and Linda M. Northrop},
 }

@inproceedings{lopez05,
  author    	= {Roberto Lopez-Herrejon and Don Batory and William R. Cook},
  title     		= {Evaluating Support for Features in Advanced Modularization Technologies},
  booktitle      	= {19th European Conference on Object-Oriented Programming (ECOOP)},
  volume         	= 3586,
  series         	= {LNCS},
  publisher	= {Springer-Verlag},
  year      		= {2005},
  pages     	= {169-194},  
}

@inproceedings{batory03,
  author    	= {Don Batory and Jacob Neal Sarvela and Axel Rauschmayer},
  title     		= {Scaling Step-Wise Refinement},
  booktitle 	= {25th International Conference on Software Engineering (ICSE)},
  year      		= {2003},
  pages     	= {187-197},  
}


@inproceedings{prehofer97,
  author    	= {Christian Prehofer},
  title     		= {Feature-Oriented Programming: A Fresh Look at Objects},
  booktitle 	= {11th European Conference on Object-Oriented Programming (ECOOP)},
  publisher 	= {Springer-Verlag},
  series    		= {LNCS},
  volume    	= {1241},
  year      		= {1997},
  pages     	= {419-443},
 }
 
@inproceedings{ahead,
  author    	= {Don Batory},
  title     		= {Feature-Oriented Programming and the {AHEAD} Tool Suite},
  booktitle 	= {26th International Conference on Software Engineering (ICSE)},
  year      		= {2004},
  pages     	= {702-703},  
}

@inproceedings{apel06,
  author    	= {Sven Apel and Don Batory},
  title     		= {When to use features and aspects?: a case study},
  booktitle 	= {5th International Conference on Generative Programming and Component Engineering (GPCE)},
  year      		= {2006},
  pages     	= {59-68},  
}

@inproceedings{gluonj,
  author    	= {Shigeru Chiba and Rei Ishikawa},
  title     	= {Aspect-Oriented Programming Beyond Dependency Injection},
  booktitle 	= {19th European Conference on Object-Oriented Programming},
  publisher 	= {Springer},
  series    	= {Lecture Notes in Computer Science},
  volume    	= {3586},
  year      	= {2005},
  pages     	= {121-143},    
}

@inproceedings{bracha90,
 author     	= {Gilad Bracha and William Cook},
 title 		= {Mixin-based inheritance},
 booktitle 	= {Conference on Object-Oriented Programming Systems, Languages, and Applications (OOPSLA)},
 year 		= {1990},
 pages 		= {303--311}, 
}

@article{jam,
 author 	= {Davide Ancona and Giovanni Lagorio and Elena Zucca},
 title 		= {Jam---designing a {Java} extension with mixins},
 journal 	= {ACM Transactions on Programming Languages and Systems},
 volume 	= {25},
 number 	= {5},
 year 	= {2003},
 pages 	= {641--712}, 
 }

@inproceedings{alves06,
  author    	= {Vander Alves and Alberto Costa Neto and Sergio Soares and Gustavo Santos and Fernando Calheiros and Vilmar Nepomuceno and Davi Pires and Jorge Leal and Paulo Borba},
  title     	= {From conditional compilation to aspects: A case study in software product lines migration},
  booktitle 	= {1st GPCE Workshop on Aspect-Oriented Product Line Engineering (AOPLE)},
  year      	= {2006},
  pages     	= {1-6},    
}

@inproceedings{zhang05,
 author 	= {Charles Zhang and Dapeng Gao and Hans-Arno Jacobsen},
 title 		= "Towards Just-in-time Middleware Architectures",
 booktitle 	= {4th International Conference on Aspect-Oriented Software Development (AOSD)},
 year 		= {2005},
 pages          = {63--74},
 publisher 	= {ACM Press},
}

@inproceedings{alves05,
 author 	= {Vander Alves and Ivan Cardim and Heitor Vital and Pedro Sampaio and Alexandre Damasceno and Paulo Borba and Geber Ramalho},
 title 		= {Comparative Analysis of Porting Strategies in {J2ME} Games},
 booktitle 	= {21st IEEE International Conference on Software Maintenance (ICSM)},
 year 		= {2005},
 pages 		= {123--132},
}

@inproceedings{krueger01,
  author    	= {Charles W. Krueger},
  title     	= {Easing the Transition to Software Mass Customization},
  booktitle 	= {4th International Workshop on Software Product-Family Engineering},
  year      		= {2001},
  pages    		= {282-293},
  series    		= {Lecture Notes in Computer Science},
  publisher 	= {Springer},
  volume    	= {2290},  
}

@article{spl_acm,
 author 		= {Vijayan Sugumaran  and Sooyong Park and Kyo C. Kang},
 title 			= {Introduction to the Special Issue on Software Product Line engineering},
 journal 		= {Communications ACM},
 volume 		= {49},
 number 		= {12},
 pages		= {28--32},
 year 		= {2006},
 }
 
  @article{krueger02,
  author 		= {Charles W. Krueger},
  title 		= {Eliminating the adoption barrier},
  journal 		= {IEEE Software},
  volume 		= {19},
  number 		= {4},
  pages		= {20--31},
  year 		= {2002},
 }
 
 @inproceedings{cide_icse,
  author 		= {Christian K\"{a}stner and Sven Apel and Martin Kuhlemann},
  title 		= {Granularity in software product lines},
  booktitle 	= {30th International Conference on Software Engineering (ICSE)},
  year 		= {2008},
  pages 		= {311--320},  
 }
 
@article{parnas76,
  author    	= {David Lorge Parnas},
  title     	= {On the Design and Development of Program Families},
  journal   	= {IEEE Transactions on Software Engineering},
  volume    	= {2},
  number    	= {1},
  year      	= {1976},
  pages     	= {1-9},  
}

@inproceedings{spencer92,
    author 		= {Henry Spencer},
    title 		= {\#ifdef considered harmful, or portability experience with {C News}},
    booktitle 	= {USENIX Conference},
    year 		= {1992},
    pages 		= {185--197}
}

@inproceedings{gurp01,
  author    	= {Jilles van Gurp and Jan Bosch and Mikael Svahnberg},
  title     		= {On the Notion of Variability in Software Product Lines},
  booktitle 	= {2nd IEEE/IFIP Working Conference on Software Architecture (WICSA)},
  year      		= {2001},
  pages     	= {45-54},  
}

@inproceedings{godil05,
 author 		= {Irum Godil and Jacobsen, Hans-Arno},
 title 			= {Horizontal decomposition of Prevayler},
 booktitle 		= {Conference of the Centre for Advanced Studies on Collaborative Research (CASCON)},
 year 		= {2005},
 pages 		= {83--100},
 }
 
 @inproceedings{kastner08,
   AUTHOR 		= {Christian K{\"a}stner and Salvador Trujillo and Sven Apel},
   TITLE 			= {Visualizing Software Product Line Variabilities in Source Code},
   BOOKTITLE 	= {2nd International Workshop on Visualisation in Software Product Line Engineering (ViSPLE)},
   YEAR 			= 2008,
   PAGES = {303--313},   
}

@book{c,
 author 			= {Brian W. Kernighan and Dennis M. Ritchie},
 title 				= {The C programming language},
 year			 = {1988},
 publisher 		= {Prentice Hall},
 }
 
@inproceedings{adams09,
 author 			= {Bram Adams and Wolfgang De Meuter  and Herman Tromp  and Ahmed E. Hassan},
 title 				= {Can we refactor conditional compilation into aspects?},
 booktitle 			= {8th ACM International Conference on Aspect-Oriented Software Development (AOSD)},
 year 			= {2009},
 pages 			= {243--254},
 }
 
 @inproceedings{cide_demo,
   AUTHOR 		= {Christian K\"astner},
   TITLE 			= {{CIDE}: Decomposing Legacy Applications into Features},
   BOOKTITLE 	= {11th International Software Product Line Conference (SPLC) - Demonstration},
   YEAR 			= 2007,
   PAGES 		= {149--150},   
}

@article{nassau09,
 author 			= {Marcelo Nassau and Samuel  Oliveira and Marco Tulio Valente},
 title 				= {Guidelines for Enabling the Extraction of Aspects from Existing Object-Oriented Code},
 journal 			= {Journal of Object Technology},
 volume 			= {8},
 number 			= {3},
 year 				= {2009},
 pages 				= {1-19},
 }

@inproceedings{apel_types,
  author    		= {Christian K{\"a}stner and  Sven Apel},
  title     			= {Type-Checking Software Product Lines A Formal Approach},
  booktitle 		= {23rd International Conference on Automated Software Engineering (ASE)},
  year      			= {2008},
  pages    			= {258--267},
 }
 
 @inproceedings{zhang04,
  author 		= {Charles Zhang and Hans-Arno Jacobsen},
  title 		= "Resolving Feature Convolution in Middleware Systems",
  booktitle 	= {19th ACM SIGPLAN Conference on Object-oriented Programming, Systems, Languages, and Applications (OOPSLA)},
  year 		= {2004},
  pages 		= {188--205},
  publisher 	= {ACM Press},
 }
 
 @inproceedings{thaker07,
  author 		= {Sahil Thaker and Don Batory and David Kitchin and William Cook},
  title 		= {Safe composition of product lines},
  booktitle 	= {6th International Conference on Generative Programming and Component Engineering (GPCE)},
  year 		= {2007},
  pages 		= {95--104},  
 }
 
 @inproceedings{czarnecki06,
  author 		= {Krzysztof Czarnecki  and Krzysztof Pietroszek},
  title 		= {Verifying feature-based model templates against well-formedness {OCL} constraints},
  booktitle 	= {5th International Conference on Generative Programming and Component Engineering (GPCE)},
  year 		= {2006},
  pages 		= {211--220},  
 }
 
 @article{spl_roi,
   author    	= {G{\"u}nter B{\"o}ckle and Paul C. Clements and John D. McGregor and Dirk Muthig and Klaus Schmid},
   title     		= {Calculating {ROI} for Software Product Lines},
   journal   	= {IEEE Software},
   volume    	= {21},
   number    	= {3},
   year      	= {2004},
   pages     	= {23--31},   
}

@article{frakes05,
 author 		= {William B. Frakes and Kyo Kang},
 title 			= {Software Reuse Research: Status and Future},
 journal 		= {IEEE Transactions on Software Engineering},
 volume 		= {31},
 number		= {7},
 year 		= {2005},
  pages 		= {529--536},
 }
 
 @article{fj,
  author 		= {Atsushi Igarashi and   Benjamin C. Pierce and Philip Wadler},
  title 		= {{Featherweight Java}: a minimal core calculus for {Java} and {GJ}},
  journal 		= {ACM Transactions on Programming Languages and Systems},
  volume 		= {23},
  number 		= {3},
  year 		= {2001},
  pages 		= {396--450},
 }
 
 @inproceedings{flip,
   author    	= {S{\'e}rgio Soares and Fernando Calheiros and Vilmar Nepomuceno and Andrea Menezes and Paulo Borba and Vander Alves},
   title     		= {Supporting software product lines development: {FLiP} - product line derivation tool},
   booktitle 	= {23rd Conference on Object-Oriented  Programming, Systems, Languages, and Applications (OOPSLA), Tool Demonstrations},
   year      	= {2008},
   pages    	= {737-738},   
 }
 
 @article{ernst02,
   author    	= {Michael D. Ernst and Greg J. Badros and David Notkin},
   title     		= {An Empirical Analysis of {C} Preprocessor Use},
   journal   	= {IEEE Transactions on Software Engineering},
   volume    	= {28},
   number    	= {12},
   year      	= {2002},
   pages    	= {1146-1170},   
}

@article{concerngraphs_tosem,
 author 		= {Martin P. Robillard and Gail C. Murphy},
 title 		= {Representing concerns in source code},
 journal 		= {ACM Transactions on Software Engineering and Methodology},
 volume 		= {16},
 number 		= {1},
 year 		= {2007},
 pages 		= {1-38},
 }
 
 @inproceedings{concerngraphs,
  author 		= {Martin P. Robillard and Gail C. Murphy},
  title 		= {Concern graphs: finding and describing concerns using structural program dependencies},
  booktitle 	= {24th International Conference on Software Engineering (ICSE)},
  year 		= {2002},
  pages 		= {406--416},
 }
 
 @inproceedings{aspectbrowser,
  author 		= {William G. Griswold and Jimmy J. Yuan and Yoshikiyo Kato},
  title 		= {Exploiting the map metaphor in a tool for software evolution},
  booktitle 	= {23rd International Conference on Software Engineering (ICSE)},
  year 		= {2001},
  pages 		= {265--274},  
 }
 
 @inproceedings{jquery,
  author 		= {Doug Janzen  and Kris De Volder},
  title 		= {Navigating and querying code without getting lost},
  booktitle 	= {2nd International Conference on Aspect-oriented Software Development (AOSD)},
  year 		= {2003},
  pages 		= {178--187},  
 }
 
 @article{harman09,
  author 		= {Mark Harman and David Binkley and Keith Gallagher and Nicolas Gold and Jens Krinke},
  title 		= {Dependence clusters in source code},
  journal 		= {ACM Transactions on Programming Languages and Systems},
  volume		 = {32},
  number 	= {1},
  year 		= {2009},
  pages 		= {1--33},  
 }
 
 @inproceedings{weiser81,
  author 		= {Mark Weiser},
  title 		= {Program slicing},
  booktitle 	= {5th International Conference on Software Engineering (ICSE)},
  year 		= {1981},
  pages 		= {439--449},  
 }
 
 @article{harman01,
   author 		= {Mark Harman and Robert Hierons},
   title 		= {An overview of program slicing},
   journal 	= {Software Focus},
   volume	= {2},
   number 	= {3},
   year 		= {2001},
   pages 		= {85--92},  
 }
 
@inproceedings{kastner09,
 author 		= {Christian K\"{a}stner and Sven Apel  and Syed Saif ur Rahman  and Marko Rosenm\"{u}ller and Don Batory and Gunter Saake},
 title 		= {On the impact of the optional feature problem: analysis and case studies},
 booktitle 	= {13th International Software Product Line Conference (SPLC)},
 year 		= {2009},
 pages 		= {181--190},
 }
 
 @article{calder03,
  author 		= {Muffy Calder and Mario Kolberg and Evan H. Magill and Stephan Reiff-Marganiec },
  title 		= {Feature interaction: a critical review and considered forecast},
  journal 		= {Computer Networks},
  volume 	= {41},
  number 	= {1},
  year 		= {2003},
  pages 		= {115--141},  
 }
 
 @inproceedings{layouni07 ,
   author    	= {Ahmed F. Layouni and Luigi Logrippo and Kenneth J. Turner},
   title     		= {Conflict Detection in Call Control Using First-Order Logic   Model Checking},
   booktitle 	= {IX International Conference on Feature Interactions in Software and Communication Systems (ICFI)},
   year      	= {2007},
   pages     	= {66--82},
 }
 
 @article{robbins00,
    author    	= {Jason E. Robbins and David F. Redmiles},
    title     	= {Cognitive support, {UML} adherence, and {XMI }interchange in {Argo/UML}},
    journal   	= {Information {\&} Software Technology},
    volume   	 = {42},
    number    	= {2},
    year      	= {2000},
    pages    	 = {79-89},   
 }


@article{leavens05,
 author 		= {Gary T. Leavens and Yoonsik  Cheon and Curtis Clifton and Clyde Ruby and David R. Cok},
 title 		= {How the design of {JML} accommodates both runtime assertion checking and formal verification},
 journal 		= {Science of Computer Programming},
 volume 		= {55},
 number 		= {1-3},
 year 		= {2005},
 pages 		= {185--208},
 }
 
 @book{fowler2000,
 author = {Martin Fowler and Kendall Scott},
 title 	= {UML distilled},
 year 	= {2000},
 publisher = {Addison-Wesley},
 }
 
@inproceedings{fmp,
 	author 		= {Michal Antkiewicz and Krzysztof Czarnecki},
	title 		= {{FeaturePlugin}: Feature Modeling Plug-In for {Eclipse}},
	booktitle = {OOPSLA Workshop on Eclipse Technology eXchange (ETX)},
	year 			= {2004},
	pages 		= {67--72},
}

@inproceedings{purevariants,
  author    = {Danilo Beuche},
  title     = {Modeling and Building Software Product Lines with pure::variants},
  booktitle = {11th International Conference Software Product Lines (SPLC)},
  year      = {2007},
  pages     = {143-144},
}

@inproceedings{chop07,
 author 		= {Peter Ebraert and Jorge Vallejos and Pascal Costanza and Ellen Van Paesschen and Theo D'Hondt},
 title 		  = {Change-Oriented Software Engineering},
 booktitle  = {International Conference on Dynamic Languages (ICDL)},
 year 			= {2007},
 pages 			= {3--24}, 
} 


@inproceedings{chop09,
  author 		= {Peter Ebraert and Andreas Classen and Patrick Heymans and Theo D'Hondt},
  title 		= {Feature Diagrams for Change-Oriented Programming},
  booktitle = {10th International Conference on Feature Interactions (ICFI)},
  year 			= {2009},
  pages 		= {107--122},  
}


@inproceedings{csmr11spl,
  author 		= {Marcus Vinicius Couto and Marco Tulio Valente and Eduardo Figueiredo},
  title 		= {Extracting Software Product Lines: A Case Study Using Conditional Compilation},
  booktitle = {15th European Conference on Software Maintenance and Reengineering (CSMR)},
  year 			= {2011},
  pages 		= {191--200},  
}

@article{apel09a,
  author    	= {Sven Apel and Christian K{\"a}stner},
  title     	= {Virtual Separation of Concerns - A Second Chance for Preprocessors},
  journal   	= {Journal of Object Technology},
  volume   		= {8},
  number    	= {6},
  year      	= {2009},
  pages     	= {59-78},     
}

@inproceedings{sbcars09,
  author 		= {Virgilio Borges and Marco Tulio Valente},
  title 		= {Coloração Automática de Variabilidades em Linhas de Produtos de Software},
  booktitle = {III Simpósio Brasileiro de Componentes, Arquiteturas e Reutilização de Software (SBCARS)},
  year 			= {2009},
  pages 		= {67--80},  
}


@inproceedings{cbsoft10,
  author 		= {Virgílio Borges and Rógel Garcia and Marco Tulio Valente},
  title 		= {Uma Ferramenta para Extração Semi-automática de Linhas de Produtos de Software Usando Coloração de Código},
  booktitle = {I Congresso Brasileiro de Software: Teoria e Prática (Sessão de Ferramentas)},
  year 			= {2010},
  pages 		= {73--78},  
}

@article{tse2011,
  author    	= {Virgilio Borges and Marco Tulio Valente},
  title     	= {A Semi-automatic Approach for Extracting Software Product Lines},
  journal   	= {IEEE Transactions on Software Engineering},
  year      	= {2011},
  pages     	= {1--39},     
}

%========================================================================================
%========================================================================================
%========================================================================================
%=============================== Arquitetura de Software ================================
%========================================================================================
%========================================================================================


@inproceedings{discotect,
  author    	= {Hong Yan and David Garlan and Bradley R. Schmerl and Jonathan Aldrich and Rick Kazman},
  title     		= {{DiscoTect}: A System for Discovering Architectures from Running Systems},
  booktitle 	= {26th International Conference on Software Engineering (ICSE)},
  year      		= {2004},
  pages     	= {470-479},  
}

@article{discotect2,
  author    	= {Bradley R. Schmerl and Jonathan Aldrich and David Garlan and Rick Kazman and Hong Yan},
  title     		= {Discovering Architectures from Running Systems},
  journal   		= {IEEE Transactions on Software Engineering},
  volume    	= {32},
  number    	= {7},
  year      		= {2006},
  pages     	= {454-466},  
}

@inproceedings{archjava,
  author    	= {Jonathan Aldrich and Craig Chambers and David Notkin},
  title     		= {{ArchJava}: connecting software architecture to implementation},
  booktitle 	= {22nd International Conference on Software Engineering (ICSE)},
  year      		= {2002},
  pages     	= {187-197},  
}

@article{adl,
  author    	= {Nenad Medvidovic and Richard N. Taylor},
  title     		= {A Classification and Comparison Framework for Software Architecture Description Languages},
  journal   		= {IEEE Transactions on Software Engineering},
  volume    	= {26},
  number    	= {1},
  year      		= {2000},
  pages     	= {70-93}, 
}

@book{arqsw-book,
 author 		= {David Garlan and Mary Shaw},
 title 			= {Software Architecture: Perspectives on an Emerging Discipline},
 year 		= {1996},
 publisher 	= {Prentice Hall},
 }

@book{arqsw-book2,
 author 		= {Len Bass and Paul Clements and Rick Kazman},
 title 			= {Software Architecture in Practice},
 edition   		= {2nd,},
 year 		= {2003},
 publisher 	= {Addison-Wesley},
 }


@article{dali,
  author    	= {Rick Kazman and S. Jeromy Carri{\`e}re},
  title     		= {Playing Detective: Reconstructing Software Architecture from Available Evidence},
  journal   		= {Automated Software Engineering},
  volume    	= {6},
  number    	= {2},
  year      		= {1999},
  pages     	= {107-138},  
}

@inproceedings{dsm,
  author    	= {Neeraj Sangal and Ev Jordan and Vineet Sinha and Daniel Jackson},
  title     		= {Using dependency models to manage complex software architecture},
  booktitle 	= {20th Conference on Object-Oriented Programming, Systems, Languages, and Applications (OOPSLA)},
  year      		= {2005},
  pages     	= {167-176}, 
}

@article{foundations-arqsw,
   author 		= {Dewayne E. Perry and Alexander L. Wolf},
   title 		= {Foundations for the study of software architecture},
   journal 		= {Software Engineering Notes},
   volume 		= {17},
   number 		= {4},
   year 		= {1992},
   pages 		= {40--52}, 
 }
 
@book{patterns-enterprise,
    author 		= {Martin Fowler},
    title 		= {Patterns of Enterprise Application Architecture},
    year 		= {2002},
    publisher 	= {Addison-Wesley},    
 }

@inproceedings{rigi,
  author    	= {Hausi A. Muller and K. Klashinsky},
  title     		= {Rigi A System for Programming-in-the-Large},
  booktitle 	= {20th International Conference on Software Engineering (ICSE)},
  year      		= {1988},
  pages     	= {80-87},
}

@inproceedings{reflexion-model,
  author    	= {Gail Murphy and David Notkin and Kevin Sullivan},
  title     		= {Software Reflexion Models: Bridging the Gap Between Source and High-Level Models},
  booktitle 	= {3rd Symposium on Foundations of Software Engineering (FSE)},
  year      		= {1995},
  pages     	= {18-28},
}

@article{reflexion-model2,
  author    	= {Gail Murphy and David Notkin and Kevin Sullivan},
  title     		= {Software Reflexion Models},
  journal   		= {IEEE Transactions on Software Engineering},
  volume    	= {27},
  number    	= {4},
  year      		= {2001},
  pages     	= {364-380},  
}

@inproceedings{save,
  author    	= {Jens Knodel and Dirk Muthig and Matthias Naab and Mikael Lindvall},
  title     		= {Static Evaluation of Software Architectures},
  booktitle 	= {10th European Conference on Software Maintenance and Reengineering (CSMR)},
  year      		= {2006},
  pages     	= {279-294},  
}

@inproceedings{knodel07,
  author    	= {Jens Knodel and Daniel Popescu},
  title     		= {A Comparison of Static Architecture Compliance Checking Approaches},
  booktitle 	= {6th Working IEEE/IFIP Conference on Software Architecture (WICSA)},
  year      		= {2007},
  pages     	= {12},  
}

@article{staffordAndWolf,
  author		= {Judith A. Stafford and Alexander L. Wolf},
  title			= {Architecture-level dependence analysis for software systems},
  journal		= {International Journal of Software Engineering and Knowledge Engineering},
  year		= {2001},
  pages		= {431-451},
  volume		= {11},
  number		= {4}
}
  
@article{scl,
  author    	= {Daqing Hou and H. James Hoover},
  title     		= {Using {SCL} to Specify and Check Design Intent in Source Code},
  journal   		= {IEEE Transactions on  Software Engineering},
  volume    	= {32},
  number    	= {6},
  year      		= {2006},
  pages     	= {404-423},  
}

@inproceedings{fcl,
  author    	= {Daqing Hou and H. James Hoover and Piotr Rudnicki},
  title     		= {Specifying framework constraints with {FCL}},
  booktitle 	= {Conference of the Centre for Advanced Studies on Collaborative Research (CASCON)},
  year      		= {2004},
  pages     	= {96-110},  
}

@inproceedings{logen,
  author    	= {Michael Eichberg and Sven Kloppenburg and Karl Klose and Mira Mezini},
  title     		= {Defining and continuous checking of structural program dependencies},
  booktitle 	= {30th International Conference on Software Engineering (ICSE)},
  year      		= {2008},
  pages     	= {391-400},  
}

@article{intensionalview,
  author    	= {Kim Mens and Andy Kellens and Fr{\'e}d{\'e}ric Pluquet and Roel Wuyts},
  title     		= {Co-evolving code and design with intensional views: A case study},
  journal   		= {Computer Languages, Systems {\&} Structures},
  volume    	= {32},
  number    	= {2-3},
  year      		= {2006},
  pages     	= {140-156},
}

@inproceedings{intensive,
  author    	= {Kim Mens and Andy Kellens},
  title     		= {IntensiVE, a toolsuite for documenting and checking structural source-code regularities},
  booktitle 	= {10th European Conference on Software Maintenance and Reengineering (CSMR)},
  year      		= {2006},
  pages     	= {239-248},  
}


@InProceedings{mvc,
  author 		= "G. E. Krasner and S. T. Pope",
  title 		= "A cookbook for using the model--view--controller user interface paradigm in Smalltalk-80",
  booktitle 	= "Journal of Object Oriented Programming",  
  month 		= aug,  
  pages 		= "26--49",
  year 		= 1988
}

@inproceedings{sullivan_dsm,
 author 		= {Kevin J. Sullivan and William G. Griswold and Yuanfang Cai and Ben Hallen},
 title 			= {The structure and value of modularity in software design},
 booktitle 		= {9th International Symposium on Foundations of Software Engineering (FSE)},
 year 		= {2001},
 pages 		= {99--108}, 
 }

@book{designrules,
 author 		= {Carliss Y. Baldwin and Kim B. Clark},
 title 			= {Design Rules: The Power of Modularity},
 year 		= {1999},
 publisher 	= {MIT Press},
 }

@inproceedings{ql,
 author 		= {Oege de Moor},
 title 			= {Keynote Address: {.QL} for Source Code Analysis},
 booktitle 		= {7th IEEE International Conference on Source Code Analysis and Manipulation (SCAM)},
 year 		= {2007},
 pages 		= {3--14}, 
 }

@inproceedings{ecsa2008,
  author    	= {Ricardo Terra and Marco Tulio Valente},
  title     		= {Towards a Dependency Constraint Language to Manage Software Architectures},
  booktitle 	= {Second European Conference on Software Architecture (ECSA)},
  year      		= {2008},
  series    		= {Lecture Notes in Computer Science},
  publisher 	= {Springer},
  volume    	= {5292},
  pages     	= {256-263}, 
}

@inproceedings{save_csmr2008,
  author    	= {Jens Knodel and Dirk Muthig and Uwe Haury and Gerald Meier},
  title     		= {Architecture Compliance Checking - Experiences from Successful Technology Transfer to Industry},
  booktitle 	= {12th European Conference on Software Maintenance and Reengineering (CSMR)},
  year      		= {2008},
  pages     	= {43-52},  
}

@inproceedings{qtapc,
 author 		= {Mathieu Verbaere and Michael W. Godfrey and Tudor Girba},
 title 			= {Query Technologies and Applications for Program Comprehension},
 booktitle 		= {16th IEEE International Conference on Program Comprehension (ICPC)},
 year 		= {2008},
 pages 		= {285--288}, 
 }

@inproceedings{savelife,
  author    	= {Jens Knodel and Dirk Muthig and  Dominik Rost},
  title     		= {Constructive architecture compliance checking - an experiment on support by live feedback},
  booktitle 	= {24th IEEE International Conference on Software Maintenance (ICSM)},
  year      		= {2008},
  pages     	= {287-296},
}

@article{kruchten95,
 author 		= {Philippe Kruchten},
 title 			= {The 4+1 View Model of Architecture},
 journal 		= {IEEE Software},
 volume 		= {12},
 number 		= {6},
 year 		= {1995}, 
 pages		= {42-50}
 }

@article{save2,
author 		= {Mikael Lindvall and Dirk Muthig},
title 			= {Bridging the Software Architecture Gap},
journal 		={Computer},
volume 		= {41},
number 		= {6},
year			= {2008}
}

@article{dcl,
author 		= {Ricardo Terra and Marco Tulio Valente},
title 			= {A Dependency Constraint Language to Manage Object-Oriented Software Architectures},
journal 		={Software: Practice and Experience},
year			= {2009},
pages		= {1073-1094},
volume		= {32},
number		= {12}
}

@inproceedings{bahaus,
  author    	= {Aoun Raza and Gunther Vogel and Erhard Pl{\"o}dereder},
  title     		= {Bauhaus -- A Tool Suite for Program Analysis and Reverse  Engineering},
  booktitle 	= {11th International Conference on Reliable Software Technologies (Ada-Europe)},
  year      		= {2006},
  series    	= {Lecture Notes in Computer Science},
  publisher 	= {Springer},
  volume    	= {4006},
  pages     	= {71-82},
}

@inproceedings{rosik08,
 author 		= {Jacek Rosik  and Andrew Le Gear  and Jim Buckley and Muhammad Ali Babar},
 title 			= {An industrial case study of architecture conformance},
 booktitle 		= {2nd International Symposium on Empirical Software Engineering and Measurement (ESEM)},
 year 		= {2008},
 pages 		= {80--89}, 
 }

@article{ieeesw2010,
  author 		= {Leonardo Passos and Ricardo Terra and Renato Diniz and Marco Tulio Valente and Nabor das Chagas Mendonca},
  title 		= {Static Architecture Conformance Checking -- An Illustrative Overview},
  journal 	= {IEEE Software},
	year			= {2010},
	pages		  = {82--89},
  volume		= {27},
	number		= {5}  
}

@article{clemens09,
 author 		= {Paul Clements and Mary Shaw},
 title 		= {The Golden Age of Software Architecture Revisited},
 journal 		= {IEEE Software},
 pages 		= {70--72},
 volume 		= {26},
 number 		= {4},
 year 		= {2009},
 }

@article{sar,
author 		= {Stéphane Ducasse and Damien Pollet},
title 		= {Software Architecture Reconstruction: A Process-Oriented Taxonomy},
journal 		={IEEE Transactions on Software Engineering},
volume 		= {35},
number 		= {4},
year 		= {2009},
pages 		= {573-591},
}

@inproceedings{scholia,
 author 		= {Marwan Abi-Antoun  and Jonathan Aldrich},
 title 			= {Static Extraction and Conformance Analysis of Hierarchical Runtime Architectural Structure using Annotations},
 booktitle 		= {24th Conference on Object-Oriented Programming, Systems, Languages, and Applications (OOPSLA)},
 pages 		= {1--20},
 year 		= {2009},
 }

@inproceedings{sbcars2008,
  author    	= {Ricardo Terra and Marco Tulio Valente},
  title     		= {Verificação Estática de Arquiteturas de Software utilizando Restrições de Dependência},
  year     		= {2008},
  pages     	= {1-14}, 
  booktitle 	= {II Simpósio Brasileiro de Componentes, Arquiteturas e Reutilização de Software (SBCARS)},
}

@article{spe2009,
  author    	= {Ricardo Terra and Marco Tulio Valente},
  title     		= {A Dependency Constraint Language to Manage Object-Oriented Software Architectures},
  year      		= {2009},
  journal		= {Software: Practice and Experience},
  volume		={39},
  number		={12},
  pages		={1073--1094},
  
}

%========================================================================================
%========================================================================================
%========================================================================================
%================================== Bug Finding Tools ===================================
%========================================================================================
%========================================================================================

@article{louridas06,
  author    	= {Panagiotis Louridas},
  title     	= {Static Code Analysis},
  journal   	= {IEEE Software},
  volume    	= {23},
  number    	= {4},
  year      	= {2006},
  pages     	= {58-61},  
}

@article{ayeah08,
 author     	= {Nathaniel Ayewah and David Hovemeyer and J. David Morgenthaler and John Penix and William Pugh},
 title 	   	= {Using Static Analysis to Find Bugs},
 journal 	= {IEEE Software},
 volume 	= {25},
 number 	= {5},
 year 		= {2008}, 
 }
 
 @article{findbugs,
  author 	= {David Hovemeyer and William Pugh},
  title 	= {Finding bugs is easy},
  journal 	= {SIGPLAN Notices},
  volume 	= {39},
  number 	= {12},
  year 		= {2004},
  pages 	= {92--106},
 }
 
 @inproceedings{foster07,
  author 	= {Jeffrey S. Foster and Michael W. Hicks and William Pugh},
  title 	= {Improving software quality with static analysis},
  booktitle 	= {7th Workshop on Program Analysis for Software Tools and Engineering (PASTE)},
  year 		= {2007},
  pages 	= {83--84},  
  }
  
 @article{prefix,
   author 		= {James R. Larus and Thomas Ball and Manuvir Das and Robert DeLine and Manuel Fahndrich and Jon Pincus and Sriram K. Rajamani and Ramanathan Venkatapathy},
   title 		= {Righting Software},
   journal 	= {IEEE Software},
   volume 	= {21},
   number 	= {3},
   year 	= {2004},
   pages 	= {92--100},   
}

@book{pmd,
 author 	= {Tom Copeland},
 title 		= {{PMD} Applied},
 year 		= {2005},
 publisher 	= {Centennial Books},
 }

@TECHREPORT{lint,
  AUTHOR =        {S. C. Johnson},
  TITLE =         {Lint: A {C} Program Checker},
  NUMBER =        {65},
  INSTITUTION =   {Bell Laboratories},
  MONTH =         {dec},
  YEAR  =         {1977},
}

@inproceedings{ibugs,
 author 	= {Valentin Dallmeier and Thomas Zimmermann},
 title 		= {Extraction of bug localization benchmarks from history},
 booktitle 	= {22th Conference on Automated Software Engineering (ASE)},
 year 		= {2007},
 pages 		= {433--436}, 
 }

@article{zheng06, 
author 		= {Jiang Zheng and Laurie Williams and Nachiappan Nagappan and John P. Hudepohl and Mladen A. Vouk},
 title 			= {On the Value of Static Analysis for Fault Detection in Software},
 journal 		= {IEEE Transactions on Software Engineering},
 volume 		= {32},
 number 		= {4},
 year 		= {2006},  
}

 @inproceedings{wagner08, 
author 		= {Stefan  Wagner and Michael Aichner and Johann Wimmer and Markus Schwalb},
 title 			= {An Evaluation of Two Bug Pattern Tools for Java},
 booktitle 		= {1st International Conference on Software Testing, Verification, and Validation (ICST)},
 year 		= {2008},
pages		={248--257}  
}

 @inproceedings{ayewah07,
  author 		= {Nathaniel Ayewah and William Pugh and J. David Morgenthaler and John Penix and YuQian Zhou},
  title 		= {Evaluating Static Analysis Defect Warnings On Production Software},
  booktitle 	= {7th Workshop on Program Analysis for Software Tools and Engineering (PASTE)},
  year 		= {2007},
  pages 		= {1--8},  
}

@inproceedings{kim07, 
author 		= {Sunghun Kim and Michael D. Ernst},
 title 			= {Which Warnings Should {I} Fix First?},
 booktitle 		= {15th International Symposium on Foundations of Software Engineering (FSE)},
 year 		= {2007},  
 pages		={45--54}
}

@inproceedings{spacco06, 
author 	= {Jaime Spacco and David Hovemeyer and William Pugh},
 title 		= {Tracking defect warnings across versions},
 booktitle 	= {3rd International Workshop on Mining Software Repositories (MSR)},
 year 	= {2006},
 pages	={133--136}
}

  
@inproceedings{rutar04,
   author 		= {Nick Rutar and Christian B. Almazan and Jeffrey S. Foster},
   title 		= {A Comparison of Bug Finding Tools for {Java}},
   booktitle 	= {15th International Symposium on Software Reliability Engineering (ISSRE)},
   year 		= {2004},
   pages 		= {245--256},
 }
 
 @inproceedings{wagner05,
   author    	= {Stefan Wagner and Jan J{\"u}rjens and Claudia Koller and Peter Trischberger},
   title     		= {Comparing Bug Finding Tools with Reviews and Tests},
   booktitle 	= {17th International Conference on Testing of Communicating Systems (TestCom)},
   year      	= {2005},
   pages     	= {40--55},
   publisher 	= {Springer},
   series    	= {LNCS},
   volume    	= {3502},
 }
 
 @misc{fxcop,
     author	=  "Microsoft Corporation",
     title		= "{FxCop} home page",
     note		="http://msdn.microsoft.com/en-us/library/ bb429476(VS.80).aspx"
 }
 
 @inproceedings{cnc05,
  author 		= {Christoph Csallner and Yannis Smaragdakis},
  title 		= {Check 'n' crash: combining static checking and testing},
  booktitle 	= {27th International Conference on Software engineering (ICSE)},
  year 		= {2005},
  pages 		= {422--431}, 
 }
 
 @inproceedings{zitser04,
     author 	= {Misha Zitser and Richard Lippmann and Tim Leek},
     title 		= {Testing Static Analysis Tools using Exploitable Buffer Overflows from Open Source Code},
     booktitle 	= {12th International Symposium on Foundations of Software Engineering (FSE)},
     year 		= {2004},
     pages 	= {97--106},     
 }

@book{lintbook,
 author 		= {Ian F. Darwin},
 title 		= {Checking {C} Programs with Lint},
 year 		= {1988},
 publisher 	= {O'Reilly},
 }
 
 @inproceedings{kremenek03,
   author    	= {Ted Kremenek and Dawson R. Engler},
   title     		= {Z-Ranking: Using Statistical Analysis to Counter the Impact of Static Analysis Approximations},
   booktitle 	= {10th International Symposium on Static Analysis (SAS)},
   year      	= {2003},
   pages     	= {295--315},
   publisher 	= {Springer},
   series    	= {LNCS},
   volume    	= {2694},   
 }

@inproceedings{nagappan05,
 author 		= {Nagappan, Nachiappan and Ball, Thomas},
 title 		= {Static analysis tools as early indicators of pre-release defect density},
 booktitle 	= {27th International conference on Software Engineering (ICSE)},
 year 		= {2005},
 pages 		= {580--586},
 }
 
@inproceedings{perry97,
 author 		= {Dewayne E. Perr and Adam A. Porter  and Lawrence G. Votta},
 title 		= {A primer on empirical studies (tutorial)},
 booktitle 	= {Tutorial presented at 19th International Conference on Software Engineering (ICSE)},
 year 		= {1997},
 pages 		= {657--658},
 }
 
@article{deissenboeck08,
  author 		= {Florian Deissenboeck and Elmar Juergens and Benjamin Hummel and Stefan Wagner and Benedikt Mas y Parareda  and Markus Pizka},
  title 		= {Tool Support for Continuous Quality Control},
  journal 		= {IEEE Software},
  volume 	= {25},
  number 	= {5},
  year 		= {2008},
  pages = {60--67},
}
  
@inproceedings{kim07b,
   author 		= {Sunghun Kim and Michael D. Ernst},
   title 		= {Prioritizing Warning Categories by Analyzing Software History},
   booktitle 	= {4th International Workshop on Mining Software Repositories (MSR)},
   year 		= {2007},
   pages 		= {27--30},   
}


@inproceedings{sbqs10_cor,
 author 		= {João Eduardo de Araújo and César Couto and Silvio Souza and Marco Tulio Valente.},
 title 		  = {Um Estudo sobre a Correlação entre Defeitos de Campo e Warnings Reportados por uma Ferramenta de Análise Estática},
 booktitle 	= {IX Simpósio Brasileiro de Qualidade de Software (SBQS)},
 year 			= {2010},
 pages 		  = {9--23},
}

@inproceedings{sbqs10_fb,
 author 		= {João Eduardo de Araújo Silvio Souza and Marco Tulio Valente.},
 title 		  = {Os Defeitos Detectados pela Ferramenta de Análise Estática FindBugs são Relevantes? (Relato de Experiência)},
 booktitle 	= {IX Simpósio Brasileiro de Qualidade de Software (SBQS)},
 year 			= {2010},
 pages 		  = {383--390},
}
 
@inproceedings{lehman97, 
  title={Metrics and laws of software evolution-the nineties view}, 
  author={M.M. Lehman and J.F. Ramil and P.D. Wernick and D.E. Perry and W.M. Turski}, 
  booktitle={4th International Software Metrics Symposium}, 
  year={1997},   
  pages={20 -32}, 
}

@article{lehman80, 
  author	={M.M.Lehman}, 
  title ={Programs, life cycles, and laws of software evolution}, 
  journal ={Proceedings of the IEEE}, 
  year ={1980}, 
  volume={68}, 
  number={9}, 
  pages={1060--1076}, 
}


@inproceedings{parnas94,
  author    = {David Lorge Parnas},
  title     = {Software Aging},
  booktitle = {16th International Conference on Software Engineering (ICSE)},
  year      = {1994},
  pages     = {279-287},  
}
 
@inproceedings{anquetil09,
  author    	= {Nicolas Anquetil and Timothy C. Lethbridge},
  title     	= {Ten Years Later, Experiments with Clustering as a Software Remodularization Method},
  booktitle 	= {16th Working Conference on Reverse Engineering (WCRE)},
  year      	= {2009},
  pages     	= {7},  
}
 
@article{wmswm2010,
  author    		= {Ricardo Terra and Marco Tulio Valente},
  title     		= {Definição de Padrões Arquiteturais e seu Impacto em Atividades de Manutenção de Software},
  year      		= {2010},
  journal				= {VII Workshop de Manutenção de Software Moderna},
  pages					={1--8},  
}

@article{chidamber94,
 author 			= {S. R. Chidamber and C. F. Kemerer},
 title 				= {A Metrics Suite for Object Oriented Design},
 journal 			= {IEEE Transactions on Software Engineering},
 volume 			= {20},
 issue 				= {6},
 month 				= {6},
 year 				= {1994},
 pages 				= {476--493},
 numpages 		= {18}, 
} 

@inproceedings{purity-java,
  author    = {Alexandru Salcianu and Martin C. Rinard},
  title     = {Purity and Side Effect Analysis for Java Programs},
  booktitle = {6th International Conference on Verification, Model Checking and Abstract Interpretation (VMAI)},
  year      = {2005},
  pages     = {199-215},  
}

@book{lanza2005,
 author 		= {Michele Lanza and Radu Marinescu and St\'{e}phane Ducasse},
 title 			= {Object-Oriented Metrics in Practice},
 year 			= {2005},
 publisher 	= {Springer-Verlag}, 
} 

@misc{borchers11,
  author		= "Jens Borchers",
  title			= "Reengineering from a Practitioner's View -- A Personal Lesson's Learned Assessment",
  booktitle = "Invited talk at the 15th European Conference on Software Maintenance and Reengineering (CSMR)",
  year      = 2011,
}

@book{demarco86,
 author 		= {Tom DeMarco},
 title 			= {Controlling Software Projects: Management, Measurement, and Estimates},
 year 			= {1986},
 publisher = {Prentice Hall},
} 

@inproceedings{gladston2011,
  author    = {Gladston Aparecido Junio and Marcelo Nassau and Humberto Mossria and Humberto Marques-Neto and Marco Tulio Valente},
  title     = {On the Benefits of Planning and Grouping Software Maintenance Requests},
  booktitle = {15th European Conference on Software Maintenance and Reengineering (CSMR)},
  year      = {2011},
  pages     = {55--64},  
}

@inproceedings{gladston2010,
  author    = {Gladston Aparecido Junio and Marcelo Nassau and Humberto Mossria and Humberto Marques-Neto and Marco Tulio Valente},
  title     = {Proposta e Avaliação de um Processo para Agrupamento de Solicitações de Manutenções},
  booktitle = {IX Simpósio Brasileiro de Qualidade de Software (SBQS)},
  year      = {2010},
  pages     = {183--197},  
}

@inproceedings{vladimir2011,
  author    = {Vladimir Iorio and Leonardo Reis and Marco Túlio Valente and Roberto Bigonha},
  title     = {Weave Time Macros},
  booktitle = {6th Domain-Specific Aspect Languages Workshop (DSAL)},
  year      = {2011},
  pages     = {1--3},  
}

@inproceedings{dambros10msr,
 author			= {Marco D{'}Ambros and Michele Lanza and Romain Robbes},
 title			= {An Extensive Comparison of Bug Prediction Approaches},
 booktitle	= {7th Working Conference on Mining Software Repositories (MSR)}, 
 year				= {2010},
 pages			= {31--41},
}

@inproceedings{nagappan06,
 author			= {Nachiappan Nagappan and Thomas Ball and Andreas Zeller},
 title 			= {Mining Metrics to Predict Component Failures},
 booktitle 	= {28th International Conference on Software Engineering (ICSE)},
 year 			= {2006},
 pages 			= {452--461},
}

@inbook{zimmermann08,
 title 			= "Predicting Bugs from History",
 author 		= "Thomas Zimmermann and Nachiappan Nagappan and Andreas Zeller",
 year 			= "2008",
 booktitle 	= "Software Evolution",
 chapter 		= "4",
 pages 			= "69--88",
 publisher 	= "Springer",
}


@article{granger69,
 author 		= {C. W. J. Granger},
 title 			= {Investigating Causal Relations by Econometric Models and Cross-spectral Methods},
 journal 		= {Econometrica},
 volume 		= {37},
 number 		= {3},
 year 			= {1969},
 pages 			= {424--438},
}

@article{nierstrasz2005,
 author = {Oscar Nierstrasz  and St\'{e}phane Ducasse and Tudor G\v{\i}rba},
 title = {The story of moose: an agile reengineering environment},
 journal = {SIGSOFT Softw. Eng. Notes},
 volume = {30},
 issue = {5},
 year = {2005},
 pages = {1--10},
}

@misc{sonar2011,
 author = {SonarSource},
 title = {Sonar Platform. http://sonarsource.org},
 url = {sonarsource.org},
}

@inproceedings{wettel2009, 
 author={Richard Wettel}, 
 booktitle={International Conference on Software Engineering}, 
 title={Visual exploration of large-scale evolving software}, 
 year={2009}, 
 pages={391--394}, 
}

@article{dambros2010,
 author    = {Marco D{'}Ambros and Michele Lanza}, 
 title     = {Distributed and Collaborative Software Evolution Analysis with Churrasco},
 journal   = {Science of Computer Programming},
 volume    = {75},
 number    = {4},
 year      = {2010},
 pages     = {276--287},
}

@inproceedings{dambros2007, 
 author={Marco {D'Ambros} and Michele Lanza}, 
 booktitle={European Conference on Software Maintenance and Reengineering (CSMR)}, 
 title={BugCrawler: Visualizing Evolving Software Systems}, 
 year={2007}, 
 pages={333--334},
} 

@ inproceedings{couto12, 
author={Cesar Couto and Christofer Silva and Marco Tulio Valente and Roberto Bigonha and Nicolas Anquetil}, 
booktitle={European Conference on Software Maintenance and Reengineering (CSMR)}, 
title={Uncovering Causal Relationships between Software Metrics and Bugs}, 
year={2012}, 
pages={223--232}, 
}

@ inproceedings{hora12, 
author={Andre Hora and Nicolas Anquetil and Stephane Ducasse and Muhammad Bhatti and Cesar Couto and Marco Tulio Valente and Julio Martins}, 
booktitle={European Conference on Software Maintenance and Reengineering (CSMR Tool Demonstration)}, 
title={ BugMaps: A Tool for the Visual Exploration and Analysis of Bugs}, 
year={2012}, 
}
