
@InCollection{kollmann:02,
  author = 	 {R. Kollmann, P. Selonen, and E. Stroulia},
  title = 	 {A study on the current state of the art in toolsupported UML-based static reverse engineering},
  booktitle = 	 {Proceedings of WCRE 2002},
  pages = 	 {22--32},
  year = 	 {2002},
}

@InCollection{dambros:2010,
    author = {Marco D'Ambros and Michele Lanza and Romain Robbes},
    booktitle = {Proceedings of MSR 2010 (7th IEEE Working Conference on Mining Software Repositories)},
    pages = {31 - 41},
    publisher = {IEEE CS Press},
    title = {An Extensive Comparison of Bug Prediction Approaches},
    year = {2010}}


@InCollection{helix:2010,
	  title = {{Helix - Software Evolution Data Set}},
	  author={Rajesh Vasa, Markus Lumpe, and Allan Jones},
	  howpublished = {\url{http://http://www.ict.swin.edu.au/research/projects/helix}},
	  year = {2010},
	  url = {http://www.ict.swin.edu.au/research/projects/helix}}

@InCollection{qualitascorpus:2010,
  author = {Tempero, Ewan and Anslow, Craig and Dietrich, Jens and Han, Ted and Li, Jing and Lumpe, Markus and Melton, Hayden and Noble, James},
  title = {Qualitas Corpus: A Curated Collection of Java Code for Empirical Studies},
  booktitle = {2010 Asia Pacific Software Engineering Conference (APSEC2010)},
  pages = {33 - 345},
  year = {2010}}

